%@misc{,
%      author = "",
%      title = "",
%      month = "",
%      year = "",
%      url = ""
%}

@Misc{openCV,
  title = 	 {OpenCV API Reference},
  howpublished = {\url{http://docs.opencv.org/2.4/modules/refman.html}},
  author = {OpenCV development team},
  year = {2017}
}

@Misc{Algoritmos,
  title = 	 {Librería visual acerca de algoritmos de búsqueda},
  howpublished = {\url{https://qiao.github.io/PathFinding.js/visual/}},
  author = {Xueqiao (Joe) Xu},
  year = {2016}
}

@Misc{Zedboard,
  title = 	 {Placa Zedboard de la marca Avnet},
  howpublished = {\url{http://zedboard.org/product/zedboard}},
  author = {Xillinx},
  year = {2017}
}

@Misc{Fpga,
  title = 	 {FPGA de la marca Xillinx},
  howpublished = {\url{http://www.xilinx.com/products/silicon-devices/fpga.html}},
  author = {Xillinx}
}

@article{DynamicObjects,
  title={UltraFast High-Level Productivity Design Methodology Guide},
  author={Xillinx},
  journal={Xillinx Support},
  howpublished={\url{https://www.xilinx.com/support/documentation/sw_manuals/ug1197-vivado-high-level-productivity.pdf}},
  pages={35--38},
  year={2016}
}

%@misc{DynamicObjects,
%      author = "Xillinx",
%      title = "UltraFast High-Level Productivity Design Methodology Guide",
%      month = "Noviembre",
%      year = "2016",
%      pages = "35--38",
%      url = "https://www.xilinx.com/support/documentation/sw_manuals/ug1197-vivado-high-level-productivity.pdf"
%}

@Misc{AlgoritmoA,
  title = 	 {A* Pathfinding para Principiantes},
  howpublished = {\url{http://www.policyalmanac.org/games/articulo1.htm}},
  author = {Patrick Lester},
  year = {2003}
}

@Misc{ImplementacionAlgoritmoA,
  title = 	 {A-star Shortest Path Algorithm (C++ recipe)},
  howpublished = {\url{http://code.activestate.com/recipes/577457-a-star-shortest-path-algorithm/}},
  author = {FB36},
  year = {2010}
}

@Misc{OperadoresDeteccion,
    title = 	 {Práctica de la Universidad de Jaen que habla sobre la detección de bordes en una imagen},
  howpublished = {\url{http://www4.ujaen.es/~satorres/practicas/practica3_vc.pdf}},
  year = 	 {2005}
}

@Misc{Canny,
    title = 	 {Artículo sobre el funcionamiento del algoritmo de Canny},
  howpublished = {\url{http://oefa.blogspot.com.es/2009/04/deteccion-de-bordes-algoritmo-de-canny.html}},
  year = 	 {2009}
}

@Misc{Patrones,
    title = 	 {Tema acerca del reconocimiento de patrones},
  howpublished = {\url{http://grupo.us.es/gtocoma/pid/tema7.pdf}},
  year = 	 {2010}
}

@Misc{FormasGeometricas,
    title = 	 {Artículo acerca de un algoritmo de detección de formas geométricas},
  howpublished = {\url{http://acodigo.blogspot.com.es/2014/05/deteccion-de-figuras-geometricas.html}},
  year = 	 {2016}
}

@Misc{OpenCV,
    title = 	 {Librería OpenCV},
  howpublished = {\url{http://opencv.org/}}
}



@Misc{AlgoritmoColor,
    title = 	 {Algoritmo de la librería de OpenCV acerca de la detección de objetos en función de su color},
  howpublished = {\url{http://www.pyimagesearch.com/2015/06/22/install-opencv-3-0-and-python-2-7-on-ubuntu/}},
  year = 	 {2015}
}

@Misc{AlgoritmoDjikstra,
    title = 	 {Artículo acerca del funcionamiento del algoritmo de cálculo de trayectoria Djikstra},
  howpublished = {\url{https://jariasf.wordpress.com/2012/03/19/camino-mas-corto-algoritmo-de-dijkstra/}},
  year = 	 {2012}
}

@inbook{AlgoritmoBellman,
    author    = "Thomas H. Cormen, Charles E. Leiserson, Ronald L. Rivest, and Clifford Stein",
    title     = " Introduction to Algorithms, Second Edition",
    chapter   = "24.1: The Bellman-Ford algorithm",
    pages	  = "588-592",
    year      = "2001",
    publisher = "MIT Press and McGraw-Hill
}

@Misc{AlgoritmoBFS,
    title = 	 {Artículo acerca del funcionamiento del algoritmo de cálculo de trayectoria BFS},
  howpublished = {\url{https://jariasf.wordpress.com/2012/02/27/algoritmo-de-busqueda-breadth-first-search/}},
  year = 	 {2012}
}

@Misc{Xillinx,
    title = 	 {Página web acerca de la empresa americana, inventora de la FPGA, Xillinx},
  howpublished = {\url{https://www.xilinx.com/}}
}

@Misc{VivadoHLS,
    title = 	 {Página web acerca de la herramienta Vivado HLS de la empresa Xillinx, Inc.},
  howpublished = {\url{https://www.xilinx.com/products/design-tools/vivado/integration/esl-design.html}}
}

@Misc{VivadoSDK,
    title = 	 {Página web acerca de la herramienta Vivado Software Development Kit de la empresa Xillinx, Inc.},
  howpublished = {\url{https://www.xilinx.com/products/design-tools/embedded-software/sdk.html}}
}

@Misc{VivadoDS,
    title = 	 {Página web acerca de la herramienta Vivado Design Suite de la empresa Xillinx, Inc.},
  howpublished = {\url{https://www.xilinx.com/products/design-tools/vivado.html}}
}

@Misc{Whynot,
    title = 	 {Informe de SEI acerca de la utilización conjunta de las metodologías de desarrollo Scrum y CMMI},
  howpublished = {\url{http://resources.sei.cmu.edu/asset_files/TechnicalNote/2008_004_001_14924.pdfl}}
}

@Misc{PMBOK,
    title = 	 {Página web del Project Management Institute que supervisa el libro PMBOK},
  howpublished = {\url{https://www.pmi.org/pmbok-guide-standards}}
}

@Misc{CCPM,
    title = 	 {Artículo del Project Management Institute acerca de la mejora  del rendimiento del proyecto con la metodología CCPM}.
  howpublished = {\url{https://www.pmi.org/pmbok-guide-standards}}
}

@Misc{Scrum,
    title = 	 {Página web acerca de cómo funciona la tecnología Scrum},
  howpublished = {\url{https://proyectosagiles.org/como-funciona-scrum/}}
}

@Misc{CMMI,
    title = 	 {Página web acerca de la metodología de gestión de proyectos CMMI},
  howpublished = {\url{http://cmmiinstitute.com/}}
}

@Misc{LEAN,
    title = 	 {Página web de LEAN Enterprise Institute acerca de qué es la metodología LEAN},
  howpublished = {\url{http://www.lean.org/WhatsLean/}}
}

@Misc{SMART,
    title = 	 {Página web acerca de la metodología de gestión de proyectos SMART},
  howpublished = {\url{http://smartmethodology.org/}}
}

@Misc{MetodologiasGestion,
    title = 	 {Árticulo acerca de las metodologías de gestión de proyectos más utilizadas},
  howpublished = {\url{https://www.sinnaps.com/blog-gestion-proyectos/metodologias-herramientas-gestion}}
}

@Misc{MetodologiasGestion,
    title = 	 {Página oficial de la Sociedad de Ingenieros Automotrices},
  howpublished = {\url{http://www.sae.org/}}
}

@Misc{SAE,
    title = 	 {Página oficial de la Sociedad de Ingenieros Automotrices},
  howpublished = {\url{http://www.sae.org/}}
}

@Misc{SAEstandard,
    title = 	 {Estandar sobre los 6 niveles de autonomía por el organismo SAE},
  howpublished = {\url{http://standards.sae.org/j3016_201401/}}
}

@Misc{Mercedes,
    title = 	 {Artículo acerca de la semiautonomía del Mercedes-Benz Clase E},
  howpublished = {\url{http://www.20minutos.es/noticia/2721018/0/mercedes-benz/clase-e/autonomo/}}
}

@Misc{Tesla,
    title = 	 {Página oficial de Tesla acerca de sus modelos de coche},
  howpublished = {\url{https://www.tesla.com/presskit/autopilot}}
}

@Misc{Microsoft,
    title = 	 {Artículo acerca de la intención de Microsoft en desarrollar software para vehículos autónomos},
  howpublished = {\url{https://hipertextual.com/2016/06/microsoft-coche-autonomo}}
}

@Misc{Apple,
    title = 	 {Artículo acerca del proyecto de un coche eléctrico de Apple},
  howpublished = {\url{https://www.movilzona.es/2016/06/12/el-coche-electrico-de-apple-la-gran-amenaza-para-tesla-que-llegara-demasiado-tarde/}}
}

@Misc{Baidu,
    title = 	 {Artículo acerca de que la empresa Baidu se compromete a adelantar a Tesla},
  howpublished = {\url{https://mundo.sputniknews.com/tecnologia/201606281061336803-tecnologias-automoviles-futuro-ya-qin-zhang/}}
}

@Misc{Digi,
    title = 	 {Página Web sobre los productos que ofrece la empresa Digi},
  howpublished = {\url{https://www.digi.com/products}}
}

@Misc{XBee,
    title = 	 {¿Qué es XBee?},
  howpublished = {\url{http://xbee.cl/que-es-xbee/}}
}

@Misc{XCTU,
    title = 	 {Plataforma de configuración de módulos XBee XCTU},
  howpublished = {\url{https://www.digi.com/products/xbee-rf-solutions/xctu-software/xctu}}
}

@Misc{RestriccionesOpenCV,
    title = 	 {Funcionaes a las que da soporte la herramienta Vivado HLS de la librería OpenCV},
  howpublished = {\url{http://www.wiki.xilinx.com/HLS+Video+Library}}
}

@Misc{Mat,
    title = 	 {Documentación del objeto Mat de la librería OpenCV},
  howpublished = {\url{http://docs.opencv.org/2.4/modules/core/doc/basic_structures.html}}
}

@Misc{ImRead,
    title = 	 {Documentación de la lectura y escritura de imágenes en OpenCV},
  howpublished = {\url{http://docs.opencv.org/2.4/doc/tutorials/introduction/display_image/display_image.html}}
}

@Misc{APrincipiantes,
    title = 	 {Página web que explica el funcionamiento del algoritmo A*.},
  howpublished = {\url{https://www.policyalmanac.org/games/aStarTutorial_es.htm}}
}

@Misc{Petalinux,
    title = 	 {Página oficial de la herramienta Petalinux},
  howpublished = {\url{https://www.xilinx.com/products/design-tools/embedded-software/petalinux-sdk.html}}
}
